%% This BibTeX bibliography file was created using BibDesk.
%% http://bibdesk.sourceforge.net/


%% Created for Jonathan Mummolo at 2016-02-12 13:20:26 -0800 


%% Saved with string encoding Unicode (UTF-8) 

@article{,
title={},
author={},
journal={},
pages={},
  year={},
  publisher={}
}

@article{CameronMiller2015,
title={A Practitionerâ€™s Guide to Cluster-Robust Inference},
author={Cameron, A. Colin and Miller, Douglass L.},
journal={The Journal of Human Resources},
volume = {50},
number = {2},
pages={317--372},
  year={2015},
}

@article{open2015estimating,
  title={Estimating the reproducibility of psychological science},
  author={Open Science Collaboration and others},
  journal={Science},
  volume={349},
  number={6251},
  pages={aac4716},
  year={2015},
  publisher={American Association for the Advancement of Science}
}


@article{hmx2018,
  title={Replication Data for: How Much Should We Trust Estimates from Multiplicative Interaction Models? Simple Tools to Improve Empirical Practice},
  author={Hainmueller, Jens and Jonathan Mummolo and Yiqing Xu},
  journal={Harvard Dataverse},
  year={2018},
  note={doi:\url{10.7910/DVN/Q1V0OG}},
  publisher={Harvard Dataverse}
}



@article{BaronKenny1986,
title={The Moderator-mediator Variable Distinction in Social Psychological Research: Conceptual, Strategic, and Statistical Considerations.},
author={Baron, R. M. and Kenny, D. A.},
journal={Journal of Personality and Social Psychology},
pages={1173-1182},
volume={51},
  year={1986}
}



@article{athey_wager2016,
title={Estimation and Inference of Heterogeneous Treatment Effects using Random Forests},
author={Athey, Susan and Wager, Stefan},
journal={Journal of the American Statistical Association},
year={2016}
}

@article{Imai_Ratkovic2013,
title={Estimating Treatment Effect Heterogeneity in Randomized Program Evaluation},
author={Imai, Kosuke and Ratkovic, Marc},
journal={Annals of Applied Statistics},
volume = {7},
number = {1},
pages={443--470},
year={2013}
}

@article{imai2010identification,
  title={Identification, inference and sensitivity analysis for causal mediation effects},
  author={Imai, Kosuke and Keele, Luke and Yamamoto, Teppei},
  journal={Statistical science},
  pages={51--71},
  year={2010},
  publisher={JSTOR}
}

@misc{GMW2014,
title={Estimating Heterogeneous Treatment Effects and the Effects of Heterogeneous Treatments with Ensemble Methods.},
author={Grimmer, Justin and Messing, Solomon and Westwood, Sean J.},
howtopublish={Mimeo, Stanford University},
year = {2014}
}



@article{friedrich1982defense,
  title={In defense of multiplicative terms in multiple regression equations},
  author={Friedrich, Robert J},
  journal={American Journal of Political Science},
  pages={797--833},
  year={1982},
  publisher={JSTOR}
}

@article{beck2000improving,
  title={Improving quantitative studies of international conflict: A conjecture},
  author={Beck, Nathaniel and King, Gary and Zeng, Langche},
  journal={American Political Science Review},
  volume={94},
  number={01},
  pages={21--35},
  year={2000},
  publisher={Cambridge Univ Press}
}

@article{hainmueller2013kernel,
  title={Kernel regularized least squares: Reducing misspecification bias with a flexible and interpretable machine learning approach},
  author={Hainmueller, Jens and Hazlett, Chad},
  journal={Political Analysis},
  pages={mpt019},
  year={2013},
  publisher={SPM-PMSAPSA}
}

@article{wood2003thin,
  title={Thin plate regression splines},
  author={Wood, Simon N},
  journal={Journal of the Royal Statistical Society: Series B (Statistical Methodology)},
  volume={65},
  number={1},
  pages={95--114},
  year={2003},
  publisher={Wiley Online Library}
}

@article{miratrix2013adjusting,
  title={Adjusting treatment effect estimates by post-stratification in randomized experiments},
  author={Miratrix, Luke W and Sekhon, Jasjeet S and Yu, Bin},
  journal={Journal of the Royal Statistical Society: Series B (Statistical Methodology)},
  volume={75},
  number={2},
  pages={369--396},
  year={2013},
  publisher={Wiley Online Library}
}

@article{lin2013agnostic,
  title={Agnostic notes on regression adjustments to experimental data: Reexamining Freedman?s critique},
  author={Lin, Winston},
  journal={The Annals of Applied Statistics},
  volume={7},
  number={1},
  pages={295--318},
  year={2013},
  publisher={Institute of Mathematical Statistics}
}

@article{mosteller1977data,
  title={Data analysis and regression: a second course in statistics.},
  author={Mosteller, Frederick and Tukey, John Wilder},
  journal={Addison-Wesley Series in Behavioral Science: Quantitative Methods},
  year={1977}
}

@article{anderson2013sunshine,
  title={Sunshine Works--Comment on'The Adverse Effects of Sunshine: A Field Experiment on Legislative Transparency in an Authoritarian Assembly'},
  author={Anderson, James H.},
  journal={World Bank Policy Research Working Paper},
  number={6602},
  year={2013}
}

@book{aiken1991multiple,
  title={Multiple regression: Testing and interpreting interactions},
  author={Aiken, Leona S. and West, Stephen G. and Reno, Raymond R.},
  year={1991},
  publisher={Sage}
}

@book{jaccard2003interaction,
  title={Interaction effects in multiple regression},
  author={Jaccard, James and Turrisi, Robert},
  number={72},
  year={2003},
  publisher={Sage}
}

@article{berry2012improving,
  title={Improving tests of theories positing interaction},
  author={Berry, William D. and Golder, Matt and Milton, Daniel},
  journal={Journal of Politics},
  volume={74},
  number={3},
  pages={653--671},
  year={2012},
  publisher={Cambridge University Press}
}

@book{kam2007,
	Address = {Ann Arbor},
	Author = {Kam, Cindy D. and Franzese Jr., Robert J.},
	Date-Added = {2016-02-12 21:10:36 +0000},
	Date-Modified = {2016-02-12 21:17:51 +0000},
	Publisher = {The University of Michigan Press},
	Title = {Modeling and Interpreting Interactive Hypotheses in Regression Analysis},
	Year = {2007}}

@article{hosking1990,
	Author = {J. R. M. Hosking},
	Journal = {Journal of the Royal Statistical Society. Series B (Methodological)},
	Number = {1},
	Pages = {105-124},
	Publisher = {[Royal Statistical Society, Wiley]},
	Title = {L-Moments: Analysis and Estimation of Distributions Using Linear Combinations of Order Statistics},
	Volume = {52},
	Year = {1990}}

@article{Petersen2013,
	Author = {Petersen, Michael Bang and Lene Aar{\o}e},
	Date-Added = {2016-02-07 15:58:49 +0000},
	Date-Modified = {2016-02-12 21:18:45 +0000},
	Journal = {American Political Science Review},
	Number = {2},
	Pages = {275-293},
	Title = {Politics in the Mind's Eye: Imagination as a Link between Social and Political Cognition},
	Volume = {107},
	Year = {2013}}

@article{cleveland1988locally,
	Author = {Cleveland, William S. and Susan J. Devlin},
	Date-Modified = {2016-02-12 21:17:13 +0000},
	Journal = {Journal of the American Statistical Association},
	Number = {403},
	Pages = {596--610},
	Publisher = {Taylor \& Francis Group},
	Title = {Locally weiGhted Regression: An Approach to Regression Analysis by Local Fitting},
	Volume = {83},
	Year = {1988}}

@article{Williams2011,
	Author = {Williams, Laron K.},
	Date-Added = {2016-01-28 23:23:21 +0000},
	Date-Modified = {2016-01-28 23:25:13 +0000},
	Journal = {Comparative Political Studies},
	Number = {11},
	Pages = {1474--1499},
	Title = {Unsuccessful Success? Failed No-confidence Motions, Competence Signals, and Electoral Support},
	Volume = {44},
	Year = {2011}}

@article{Vernby2013,
	Author = {Vernby, K{\aa}re},
	Date-Added = {2016-01-28 23:21:38 +0000},
	Date-Modified = {2016-01-28 23:22:18 +0000},
	Journal = {American Journal of Political Science},
	Number = {1},
	Pages = {15-29},
	Title = {Inclusion and Public Policy: Evidence from Sweden's Introduction of Noncitizen Suffrage},
	Volume = {57},
	Year = {2013}}

@article{Truex2014,
	Author = {Truex, Rory},
	Date-Added = {2016-01-28 23:19:40 +0000},
	Date-Modified = {2016-01-28 23:20:24 +0000},
	Journal = {American Political Science Review},
	Number = {2},
	Pages = {235-251},
	Title = {The Returns to Office in a `Rubber Stamp' Parliament.},
	Volume = {108},
	Year = {2014}}

@article{Tavits2008,
	Author = {Tavits, Margit},
	Date-Added = {2016-01-28 23:13:30 +0000},
	Date-Modified = {2016-01-28 23:16:15 +0000},
	Journal = {Comparative Political Studies},
	Number = {1},
	Pages = {48-72},
	Title = {Policy Positions, Issue Importance, and Party Competition in New Democracies},
	Volume = {41},
	Year = {2008}}

@article{Somer2009,
	Author = {Somer-Topcu, Zeynep},
	Date-Added = {2016-01-28 23:11:59 +0000},
	Date-Modified = {2016-01-28 23:13:11 +0000},
	Journal = {The Journal of Politics},
	Number = {1},
	Pages = {238-248},
	Title = {Timely Decisions: The Effects of Past National Elections on Party Policy Change},
	Volume = {71},
	Year = {2009}}

@article{Pelc2011,
	Author = {Pelc, Krzysztof J.},
	Date-Added = {2016-01-28 23:09:32 +0000},
	Date-Modified = {2016-01-28 23:10:23 +0000},
	Journal = {International Organization},
	Number = {4},
	Pages = {639-672},
	Title = {Why do Some Countries Get Better WTO Accession Terms Than Others?},
	Volume = {65},
	Year = {2011}}

@article{Neblo2010,
	Author = {Neblo, Michael A. and Esterling, Kevin M. and Kennedy, Ryan P. and Lazer, David M.J. and Sokhey, Anand E.},
	Date-Added = {2016-01-28 23:07:45 +0000},
	Date-Modified = {2016-02-12 21:18:36 +0000},
	Journal = {American Political Science Review},
	Number = {3},
	Pages = {566-583},
	Title = {Who Wants to Deliberate---and Why?},
	Volume = {104},
	Year = {2010}}

@article{Kim2013,
	Author = {Kim, Henry A. and Brad L. LeVeck},
	Date-Added = {2016-01-28 23:05:59 +0000},
	Date-Modified = {2016-01-28 23:06:53 +0000},
	Journal = {American Political Science Review},
	Number = {3},
	Pages = {492-504},
	Title = {Money, Reputation, and Incumbency in US House Elections, or Why Marginals Have Become More Expensive},
	Volume = {107},
	Year = {2013}}

@article{Hicken2008,
	Author = {Hicken, Allen and Joel W. Simmons},
	Date-Added = {2016-01-28 23:01:03 +0000},
	Date-Modified = {2016-01-28 23:01:41 +0000},
	Journal = {American Journal of Political Science},
	Number = {1},
	Pages = {109-124},
	Title = {The Personal Vote and the Efficacy of Education Spending},
	Volume = {52},
	Year = {2008}}

@article{Hellwig2007,
	Author = {Hellwig, Timothy and David Samuels},
	Date-Added = {2016-01-28 22:56:37 +0000},
	Date-Modified = {2016-01-28 22:57:24 +0000},
	Journal = {Comparative Political Studies},
	Number = {3},
	Pages = {283-306},
	Title = {Voting in Open Economies The Electoral Consequences of Globalization},
	Volume = {40},
	Year = {2007}}

@article{Clark_2014,
	Author = {Clark, Michael and Debra Leiter},
	Date-Added = {2016-01-28 22:35:30 +0000},
	Date-Modified = {2016-01-28 22:49:47 +0000},
	Journal = {Comparative Political Studies},
	Number = {2},
	Pages = {171-202},
	Title = {Does the Ideological Dispersion of Parties Mediate the Electoral Impact of Valence? A Cross-national Study of Party Support in Nine Western European Democracies},
	Volume = {47},
	Year = {2014}}

@article{Carpenter2014,
	Author = {Carpenter, Daniel and Colin D. Moore},
	Date-Added = {2016-01-28 22:34:41 +0000},
	Date-Modified = {2016-01-28 22:35:23 +0000},
	Journal = {American Political Science Review},
	Number = {3},
	Pages = {479-498},
	Title = {When Canvassers Became Activists: Antislavery Petitioning and the Political Mobilization of American Women},
	Volume = {108},
	Year = {2014}}

@article{Bodea2015_IO,
	Author = {Bodea, Cristina and Raymond Hicks},
	Date-Added = {2016-01-28 22:32:13 +0000},
	Date-Modified = {2016-02-12 21:16:34 +0000},
	Journal = {International Organization},
	Number = {1},
	Pages = {35-61},
	Title = {Price Stability and Central Bank Independence: Discipline, Credibility, and Democratic Institutions},
	Volume = {69},
	Year = {2015}}

@article{Bodea2015_JOP,
	Author = {Bodea, Cristina and Raymond Hicks},
	Date-Added = {2016-01-28 22:12:14 +0000},
	Date-Modified = {2016-02-12 21:16:40 +0000},
	Journal = {The Journal of Politics},
	Number = {1},
	Pages = {268-284},
	Title = {International Finance and Central Bank Independence: Institutional Diffusion and the Flow and Cost of Capital},
	Volume = {77},
	Year = {2015}}

@article{Banks2012,
	Author = {Banks, Antoine J. and Nicholas A. Valentino},
	Date-Added = {2016-01-28 22:02:29 +0000},
	Date-Modified = {2016-02-04 04:58:55 +0000},
	Journal = {American Journal of Political Science},
	Number = {2},
	Pages = {286-297},
	Title = {Emotional Substrates of White Racial Attitudes.},
	Volume = {56},
	Year = {2012}}

@article{Aklin2013,
	Author = {Aklin, Micha{\"e}l and Johannes Urpelainen},
	Date-Added = {2016-01-28 22:01:28 +0000},
	Date-Modified = {2016-01-28 22:02:21 +0000},
	Journal = {American Journal of Political Science},
	Number = {3},
	Pages = {643-658},
	Title = {Political Competition, Path Dependence, and The Strategy of Sustainable Energy Transitions},
	Volume = {57},
	Year = {2013}}

@article{Adams2006,
	Author = {Adams, James and Michael Clark and Lawrence Ezrow, and Garrett Glasgow},
	Date-Added = {2016-01-28 21:59:23 +0000},
	Date-Modified = {2016-02-12 21:15:09 +0000},
	Journal = {American Journal of Political Science},
	Number = {3},
	Pages = {513-529},
	Title = {Are Niche Parties Fundamentally Different from Mainstream Parties? The Causes and the Electoral Consequences of Western European Parties' Policy Shifts, 1976--1998},
	Volume = {50},
	Year = {2006}}

@article{braumoeller2004hypothesis,
	Author = {Braumoeller, Bear F.},
	Date-Added = {2016-01-14 23:02:16 +0000},
	Date-Modified = {2016-02-12 21:16:45 +0000},
	Journal = {International organization},
	Number = {04},
	Pages = {807--820},
	Publisher = {Cambridge Univ Press},
	Title = {Hypothesis Testing and Multiplicative Interaction Terms},
	Volume = {58},
	Year = {2004}}

@article{LiRacine2010,
	Author = {Li, Qi, and Racine, Jeffrey S.},
	Date-Modified = {2016-02-12 21:18:06 +0000},
	Journal = {Econometric Theory},
	Pages = {1--31},
	Title = {Smooth Varying-Coefficient Estimation and Inference for Qualitative and Quantitative Data},
	Volume = {26},
	Year = {2010}}

@article{BCG2006,
	Author = {Brambor, Thomas and Clark, William Roberts and Golder, Matt},
	Journal = {Political Analysis},
	Pages = {63--82},
	Title = {Understanding Interaction Models: Improving Empirical Analyses},
	Volume = {14},
	Year = {2006}}

@article{GAM1986,
	Author = {Hastie, Trevor and Tibshirani, Robert},
	Journal = {Statistical Science},
	Number = {3},
	Pages = {297--318},
	Title = {Generalized Additive Models},
	Volume = {1},
	Year = {1986}}

@article{king2006dangers,
	Author = {King, Gary and Zeng, Langche},
	Date-Modified = {2016-02-12 21:17:59 +0000},
	Journal = {Political Analysis},
	Number = {2},
	Pages = {131--159},
	Publisher = {SPM-PMSAPSA},
	Title = {The Dangers of Extreme Counterfactuals},
	Volume = {14},
	Year = {2006}}

@article{huddy2015expressive,
	Author = {Huddy, Leonie and Mason, Lilliana and Aar{\o}e, Lene},
	Date-Modified = {2016-02-09 23:10:19 +0000},
	Journal = {American Political Science Review},
	Number = {01},
	Pages = {1--17},
	Publisher = {Cambridge Univ Press},
	Title = {Expressive Partisanship: Campaign Involvement, Political Emotion, and Partisan Identity},
	Volume = {109},
	Year = {2015}}

@article{chapman2009audience,
	Author = {Chapman, Terrence L.},
	Date-Modified = {2016-02-12 21:16:53 +0000},
	Journal = {International Organization},
	Number = {04},
	Pages = {733--764},
	Publisher = {Cambridge Univ Press},
	Title = {Audience Beliefs and International Organization Legitimacy},
	Volume = {63},
	Year = {2009}}

@article{malesky2012adverse,
	Author = {Malesky, Edmund and Schuler, Paul, and Tran, Anh},
	Date-Modified = {2016-02-12 21:18:15 +0000},
	Journal = {American Political Science Review},
	Number = {04},
	Pages = {762--786},
	Publisher = {Cambridge Univ Press},
	Title = {The Adverse Effects of Sunshine: A Field Experiment on Legislative Transparency in An Authoritarian Assembly},
	Volume = {106},
	Year = {2012}}

@article{clark2006rehabilitating,
	Author = {Clark, William Roberts and Golder, Matt},
	Journal = {Comparative Political Studies},
	Number = {6},
	Pages = {679--708},
	Publisher = {Sage Publications},
	Title = {Rehabilitating Duverger's Theory Testing the Mechanical and Strategic Modifying Effects of Electoral Laws},
	Volume = {39},
	Year = {2006}}

@article{fan_local_1995,
	Author = {Fan, Jianqing and Nancy E. Heckman, and Matt P. Wand},
	Date-Modified = {2016-02-12 21:20:26 +0000},
	Journal = {Journal of the American Statistical Association},
	Month = mar,
	Number = {429},
	Pages = {141},
	Title = {Local {Polynomial} {Kernel} {Regression} for {Generalized} {Linear} {Models} and {Quasi}-{Likelihood} {Functions}},
	Volume = {90},
	Year = {1995}}
